<record><leader>00000cas a22000007a 4500</leader><controlfield tag="001">14170441</controlfield><controlfield tag="008">860902d19191931nvuir ne      0    0eng d</controlfield><datafield ind1=" " ind2=" " tag="010"><subfield code="a">sn 86076372 </subfield></datafield><datafield ind1=" " ind2=" " tag="040"><subfield code="a">NNX</subfield><subfield code="b">eng</subfield><subfield code="c">NNX</subfield><subfield code="d">OCLCQ</subfield></datafield><datafield ind1=" " ind2=" " tag="042"><subfield code="a">msc</subfield></datafield><datafield ind1="0" ind2=" " tag="130"><subfield code="a">Elko free press (1919)</subfield></datafield><datafield ind1="1" ind2="0" tag="245"><subfield code="a">Elko free press.</subfield></datafield><datafield ind1=" " ind2=" " tag="260"><subfield code="a">Elko, Nev. :</subfield><subfield code="b">E.M. Steninger,</subfield><subfield code="c">1919-1931.</subfield></datafield><datafield ind1=" " ind2=" " tag="300"><subfield code="a">11 v. :</subfield><subfield code="b">ill.</subfield></datafield><datafield ind1=" " ind2=" " tag="310"><subfield code="a">Semiweekly</subfield></datafield><datafield ind1="0" ind2=" " tag="362"><subfield code="a">Vol. 38, no. 71 (Apr. 23, 1919)-49th year, no. 70 (June 12, 1931).</subfield></datafield><datafield ind1=" " ind2=" " tag="752"><subfield code="a">United States</subfield><subfield code="b">Nevada</subfield><subfield code="c">Elko</subfield><subfield code="d">Elko.</subfield></datafield><datafield ind1="0" ind2="0" tag="780"><subfield code="t">Daily free press (Elko, Nev. : 1911)</subfield><subfield code="w">(DLC)sn 86091339</subfield><subfield code="w">(OCoLC)13457674</subfield></datafield><datafield ind1="0" ind2="0" tag="785"><subfield code="t">Elko daily free press</subfield><subfield code="w">(DLC)sn 86091340</subfield><subfield code="w">(OCoLC)13457689</subfield></datafield></record>